<record><leader>00000cas a2200000 a 4500</leader><controlfield tag="001">12267801</controlfield><controlfield tag="008">850716d18711882miuwr ne      0    0eng c</controlfield><datafield ind1=" " ind2=" " tag="010"><subfield code="a">sn 85033794 </subfield></datafield><datafield ind1=" " ind2=" " tag="040"><subfield code="a">NPU</subfield><subfield code="b">eng</subfield><subfield code="c">NPU</subfield><subfield code="d">NPX</subfield><subfield code="d">NYS</subfield><subfield code="d">MHN</subfield><subfield code="d">OCL</subfield><subfield code="d">OCLCQ</subfield><subfield code="d">OCLCF</subfield><subfield code="d">OCLCO</subfield><subfield code="d">OCLCA</subfield></datafield><datafield ind1=" " ind2=" " tag="042"><subfield code="a">pcc</subfield></datafield><datafield ind1=" " ind2=" " tag="043"><subfield code="a">n-us-mi</subfield></datafield><datafield ind1="0" ind2=" " tag="130"><subfield code="a">Pontiac weekly bill poster (Pontiac, Mich. : 1871)</subfield></datafield><datafield ind1="1" ind2="0" tag="245"><subfield code="a">Pontiac weekly bill poster.</subfield></datafield><datafield ind1="1" ind2="3" tag="246"><subfield code="a">Weekly bill poster</subfield></datafield><datafield ind1=" " ind2=" " tag="260"><subfield code="a">Pontiac, Oakland County, Mich. :</subfield><subfield code="b">William P. Nisbett</subfield></datafield><datafield ind1=" " ind2=" " tag="300"><subfield code="a">v. ;</subfield><subfield code="c">66 cm.</subfield></datafield><datafield ind1=" " ind2=" " tag="310"><subfield code="a">Weekly</subfield></datafield><datafield ind1="0" ind2=" " tag="362"><subfield code="a">Vol. 3, no. 52 (June 28, 1871)-v. 15, no. 1 (July 26, 1882) = whole no. 104-whole no. 683.</subfield></datafield><datafield ind1=" " ind2=" " tag="500"><subfield code="a">Publishers: William P. Nesbitt, &lt;1873&gt;; Elbert J. Kelly, &lt;1876&gt;.</subfield></datafield><datafield ind1=" " ind2=" " tag="500"><subfield code="a">"Democratic," &lt;1876&gt;.</subfield></datafield><datafield ind1=" " ind2=" " tag="515"><subfield code="a">Vol. 4, no. 31 (Feb. 7, 1872), whole no. 135, incorrectly dated Jan. 7.</subfield></datafield><datafield ind1=" " ind2=" " tag="515"><subfield code="a">Issue for Jan. 5, 1881 incorrectly dated 1882.</subfield></datafield><datafield ind1=" " ind2="0" tag="651"><subfield code="a">Pontiac (Mich.)</subfield><subfield code="v">Newspapers.</subfield></datafield><datafield ind1=" " ind2="0" tag="651"><subfield code="a">Oakland County (Mich.)</subfield><subfield code="v">Newspapers.</subfield></datafield><datafield ind1=" " ind2="7" tag="655"><subfield code="a">Newspapers.</subfield><subfield code="2">fast</subfield><subfield code="0">(OCoLC)fst01423814</subfield></datafield><datafield ind1=" " ind2="7" tag="651"><subfield code="a">Michigan</subfield><subfield code="z">Oakland County.</subfield><subfield code="2">fast</subfield><subfield code="0">(OCoLC)fst01214740</subfield></datafield><datafield ind1=" " ind2="7" tag="651"><subfield code="a">Michigan</subfield><subfield code="z">Pontiac.</subfield><subfield code="2">fast</subfield><subfield code="0">(OCoLC)fst01215398</subfield></datafield><datafield ind1=" " ind2=" " tag="752"><subfield code="a">United States</subfield><subfield code="b">Michigan</subfield><subfield code="c">Oakland</subfield><subfield code="d">Pontiac.</subfield></datafield><datafield ind1="0" ind2="0" tag="780"><subfield code="t">Pontiac bill poster (Pontiac, Mich. : 1869)</subfield><subfield code="w">(DLC)sn 91066770</subfield><subfield code="w">(OCoLC)24526786</subfield></datafield><datafield ind1="0" ind2="0" tag="785"><subfield code="t">Pontiac bill poster (Pontiac, Mich. : 1882)</subfield><subfield code="w">(DLC)sn 96077455</subfield><subfield code="w">(OCoLC)36161016</subfield></datafield></record>